


@book{1 ,
    author        = { Jonathan Katz, Yehuda Lindell},
    title         = { Introduction to Modern  Cryptography  Principles and Protocols},
    publisher     = {Chapman and Hall CRC},
    year          = {2007},

}


@article{3,
    author        = {Craig Gentry},
    title         = {Computing Arbitrary Functions of Encrypted Data},
    year          = { March 2010, },
    url           ={https://cacm.acm.org/magazines/2010/3/76272-computing-arbitrary-functions-of-encrypted-data/fulltext?mobile=false}
}

@online{2,
    author        = {Djiby SOW},
    title         = {"Introduction à la Sécurité Prouvée en Cryptographie à Clés publique},
    year          = {2016},
    url           = {https://nitaj.users.lmno.cnrs.fr/cimpamaure/cours_securite-prouvee-crypto_Djiby_SOW-CIMPA.pdf}
}

@article{4,
    author        = {Ron Rothblum},
    title         = {Homomorphic Encryption:from Private-Key to Public-Key},

    url           ={https://www.iacr.org/archive/tcc2011/65970216/65970216.pdf}
}
@article{5,
    author        = {Kai-Min Chung -Yael Kalai - Salil Vadhan‡},
    title         = {Improved Delegation of Computation using Fully Homomorphic Encryption},
    year          = {April 28, 2010},
    url           ={https://people.seas.harvard.edu/~salil/research/delegation-eprint-apr10.pdf}
}
@article{6,
    author        = {RONALD CRAMER† AND VICTOR SHOUP‡},
    title         = {DESIGN AND ANALYSIS OF PRACTICAL PUBLIC-KEY ENCRYPTION SCHEMES SECURE AGAINST ADAPTIVE CHOSEN CIPHERTEXT ATTACK∗},
    url           ={https://epubs.siam.org/doi/pdf/10.1137/S0097539702403773}
}
@article{7,
    author        = {CHRISTOPHER M.BISHOP},
    title         = {PATTERN RECOGNITION AND MACHINE LEARNING},
    url           ={https://epubs.siam.org/doi/pdf/10.1137/S0097539702403773}
}
@article{8,
    author        = {Pedro Domingos and Michael Pazzani},
    title         = {On the Optimality of the Simple Bayesian Classifier under Zero-One Loss},
    url           ={http://engr.case.edu/ray_soumya/mlrg/optimality_of_nb.pdf}
}
@book{9,
    author        = {Kevin P. Murphy},
    title         = {Machine Learning: A Probabilistic Perspective},
    url           ={http://noiselab.ucsd.edu/ECE228/Murphy_Machine_Learning.pdf}
}
@book{10,
    author        = {Craig Gentry, Amit Sahai, and Brent Waters.},
    title         = {Homomorphic encryption from learning with errors},
    url           ={https://www.iacr.org/archive/crypto2013/80420297/80420297.pdf}
}
@book{11,
    author        = {Pascal Paillier},
    title         = {Public-Key Cryptosystems Based on Composite Degree Residuosity Classes},
    url           ={https://citeseerx.ist.psu.edu/viewdoc/download?doi=10.1.1.112.4035&rep=rep1&type=pdf}
}
@article{12,
    author        = {Kristin Lauter, Michael Naehrig, and Vinod Vaikuntanathan.},
    title         = {Can homomorphic encryptionbe practical? },
    url           ={https://eprint.iacr.org/2011/405.pdf}
}
@article{13,
    author        = {Daniele Micciancio1 and Chris Peikert},
    title         = {Trapdoors for Lattices:Simpler, Tighter, Faster, Smaller },
    url           ={https://www.iacr.org/archive/eurocrypt2012/72370695/72370695.pdf}
}
@article{14,
    author        = {Zvika Brakerski,Craig Gentry∗},
    title         = {Fully Homomorphic Encryption without Bootstrapping },
    url           ={https://eprint.iacr.org/2011/277.pdf}
}
@article{15,
    author        = {Zvika Brakerski∗ Vinod Vaikuntanathan†},
    title         = {Lattice-Based FHE as Secure as PKE},
    url           ={https://eprint.iacr.org/2013/541.pdf}
}
